@book{Balzert04,
  abstract = {This two-colored textbook mediates the reader to the foundations of computer science in a didactic commendable way. It focuses on concepts of object-oriented programming, represented in UML, Java and C++ source code. The book is meant to be used as lecture companion, for self-education und for consultation. The second edition was revised and updated completely.},
  added-at = {2012-05-30T11:04:10.000+0200},
  address = {Heidelberg},
  author = {Balzert, Helmut},
  biburl = {http://www.bibsonomy.org/bibtex/2cbda377e3edfa1a9c5749850312d9963/flint63},
  edition = {2.},
  file = {Springer Product page:http\://www.springer.com/978-3-8274-1410-6:URL;Amazon Search inside:http\://www.amazon.de/gp/reader/3827414105/:URL},
  groups = {public},
  interhash = {5ba97fc436ec91bce8f6fbba8ccb3617},
  intrahash = {cbda377e3edfa1a9c5749850312d9963},
  isbn = {978-3-8274-1410-6},
  keywords = {v1205 book intro software development oop uml},
  publisher = {Spektrum},
  timestamp = {2012-05-30T11:04:10.000+0200},
  title = {Lehrbuch Grundlagen der Informatik},
  username = {flint63},
  year = 2004
}

@book {HLW01,
    author       = {Herold, Helmut and Lurz, Bruno and Wohlrab, J\"urgen},
    title        = {Foundations of computer science. Practical -- technical -- theoretical. (Grundlagen der Informatik. Praktisch -- technisch -- theoretisch.)},
    year         = {2007},
    isbn         = {978-3-8273-7305-2},
    pages        = {744~p.},
    publisher    = {M\"unchen: Pearson Studium},
    identifier   = {05254146},
}
